<record><leader>00000cas a2200000 a 4500</leader><controlfield tag="001">10575182</controlfield><controlfield tag="008">840329d19001902iaudn ne      0    0eng c</controlfield><datafield ind1=" " ind2=" " tag="010"><subfield code="a">sn 84037014 </subfield><subfield code="z">sn 84037015 </subfield></datafield><datafield ind1=" " ind2=" " tag="040"><subfield code="a">CRL</subfield><subfield code="b">eng</subfield><subfield code="c">CRL</subfield><subfield code="d">NPW</subfield><subfield code="d">INP</subfield><subfield code="d">DLC</subfield><subfield code="d">OCL</subfield><subfield code="d">INP</subfield><subfield code="d">NVF</subfield><subfield code="d">OCLCQ</subfield><subfield code="d">OCLCF</subfield><subfield code="d">OCLCO</subfield></datafield><datafield ind1=" " ind2=" " tag="019"><subfield code="a">10575137</subfield></datafield><datafield ind1="1" ind2=" " tag="029"><subfield code="a">AU@</subfield><subfield code="b">000040459404</subfield></datafield><datafield ind1=" " ind2=" " tag="042"><subfield code="a">pcc</subfield></datafield><datafield ind1=" " ind2=" " tag="043"><subfield code="a">n-us-ia</subfield></datafield><datafield ind1="0" ind2="4" tag="245"><subfield code="a">The Des Moines daily leader.</subfield></datafield><datafield ind1="1" ind2=" " tag="246"><subfield code="i">Published on Sundays Nov. 11, 1900-June 29, 1902 as:</subfield><subfield code="a">Des Moines Sunday leader</subfield></datafield><datafield ind1="1" ind2="7" tag="246"><subfield code="a">Des Moines leader</subfield></datafield><datafield ind1=" " ind2=" " tag="260"><subfield code="a">Des Moines, Iowa :</subfield><subfield code="b">[Strauss &amp; Dawson],</subfield><subfield code="c">1900-1902.</subfield></datafield><datafield ind1=" " ind2=" " tag="300"><subfield code="a">v.</subfield></datafield><datafield ind1=" " ind2=" " tag="310"><subfield code="a">Daily (except Monday)</subfield></datafield><datafield ind1="0" ind2=" " tag="362"><subfield code="a">Nov. 8, 1900-Nov. 15, 1900 ; 52nd year, no. 275 (Nov. 16, 1900)-54th year, no. 154 (June 28, 1902).</subfield></datafield><datafield ind1=" " ind2=" " tag="515"><subfield code="a">Sunday issues numbered Nov. 11, 1900 ; 16th year, no. 46 (Nov. 18, 1900)-18th year, no. 26 (June 29, 1902).</subfield></datafield><datafield ind1=" " ind2="0" tag="651"><subfield code="a">Des Moines (Iowa)</subfield><subfield code="v">Newspapers.</subfield></datafield><datafield ind1=" " ind2="7" tag="655"><subfield code="a">Newspapers.</subfield><subfield code="2">fast</subfield><subfield code="0">(OCoLC)fst01423814</subfield></datafield><datafield ind1=" " ind2="7" tag="651"><subfield code="a">Iowa</subfield><subfield code="z">Des Moines.</subfield><subfield code="2">fast</subfield><subfield code="0">(OCoLC)fst01205836</subfield></datafield><datafield ind1=" " ind2=" " tag="752"><subfield code="a">United States</subfield><subfield code="b">Iowa</subfield><subfield code="c">Polk</subfield><subfield code="d">Des Moines.</subfield></datafield><datafield ind1="0" ind2=" " tag="775"><subfield code="t">Des Moines leader (Des Moines, Iowa : 1884 : Weekly)</subfield><subfield code="w">(DLC)sn 85049890</subfield></datafield><datafield ind1="0" ind2="0" tag="780"><subfield code="t">Des Moines leader (Des Moines, Iowa : 1885 : Daily)</subfield><subfield code="w">(DLC)sn 84037012</subfield></datafield><datafield ind1="0" ind2="7" tag="785"><subfield code="t">Iowa state register (Des Moines, Iowa : 1876)</subfield><subfield code="w">(DLC)sn 82015550</subfield></datafield><datafield ind1="0" ind2="7" tag="785"><subfield code="t">Register and leader</subfield><subfield code="w">(DLC)sn 82016491</subfield></datafield></record>